<?xml version="1.0" encoding="utf-8"?>
<record xmlns="http://www.loc.gov/MARC21/slim" xmlns:xsi="http://www.w3.org/2001/XMLSchema-instance" xsi:schemaLocation="http://www.loc.gov/MARC21/slim http://www.loc.gov/standards/marcxml/schema/MARC21slim.xsd">
	<leader>     nam a22     Mi 4500</leader>
	<controlfield tag="001">b12490702</controlfield>
	<controlfield tag="003">LeBAU</controlfield>
	<controlfield tag="006">m        d        </controlfield>
	<controlfield tag="007">cr cn |||m|||a</controlfield>
	<controlfield tag="008">210702s1953    ua      o     ||0 0 ara d</controlfield>
	<datafield ind1=" " ind2=" " tag="040">
		<subfield code="a">ZYU</subfield>
		<subfield code="b">ara</subfield>
		<subfield code="e">rda</subfield>
		<subfield code="c">ZYU</subfield>
	</datafield>
	<datafield ind1="0" ind2="4" tag="082">
		<subfield code="a">492.75</subfield>
		<subfield code="2">23</subfield>
	</datafield>
	<datafield ind1="1" ind2=" " tag="100">
		<subfield code="6">880-01</subfield>
		<subfield code="a">Ibn Hishām, ʻAbd Allāh ibn Yūsuf,</subfield>
		<subfield code="d">1309-1360,</subfield>
		<subfield code="e">author.</subfield>
	</datafield>
	<datafield ind1="1" ind2="0" tag="245">
		<subfield code="6">880-02</subfield>
		<subfield code="a">Sharḥ Shudhūr al-dhahab fī maʻrifat kalām al-ʻArab /</subfield>
		<subfield code="c">taʼlīf al-imām Abī Muḥammad ʻAbd Allāh Jamāl al-Dīn ibn Yūsuf ibn Aḥmad ibn ʻAbd Allāh ibn Hishām al-Anṣārī al-Miṣrī, al-mawlūd fī al-Qāhirah fī sanat 708 wa-al-mutawaffá fī sanat 761 min al-Hijrah. Wa-maʻahu Kitāb muntahá al-arab bi-taḥqīq sharḥ shudhūr al-dhahab /  ta'līf Muḥammad Muḥyī al-Dīn ʻAbd al-Ḥamīd.</subfield>
	</datafield>
	<datafield ind1=" " ind2=" " tag="250">
		<subfield code="6">880-03</subfield>
		<subfield code="a">al-Ṭabʻah al-sādisah.</subfield>
	</datafield>
	<datafield ind1=" " ind2="1" tag="264">
		<subfield code="6">880-04</subfield>
		<subfield code="a">Miṣr :</subfield>
		<subfield code="b">Maṭbaʻat al-Sāʻādah,</subfield>
		<subfield code="c">1373 H. = 1953 M.</subfield>
	</datafield>
	<datafield ind1=" " ind2=" " tag="300">
		<subfield code="6">880-05</subfield>
		<subfield code="a">online resource (480 pages)</subfield>
	</datafield>
	<datafield ind1=" " ind2=" " tag="336">
		<subfield code="a">text</subfield>
		<subfield code="2">rdacontent</subfield>
	</datafield>
	<datafield ind1=" " ind2=" " tag="337">
		<subfield code="a">computer</subfield>
		<subfield code="2">rdamedia</subfield>
	</datafield>
	<datafield ind1=" " ind2=" " tag="338">
		<subfield code="a">online resource</subfield>
		<subfield code="2">rdacarrier</subfield>
	</datafield>
	<datafield ind1=" " ind2=" " tag="500">
		<subfield code="a">Non-Latin script record</subfield>
	</datafield>
	<datafield ind1=" " ind2=" " tag="500">
		<subfield code="a">Non-Latin script record</subfield>
	</datafield>
	<datafield ind1=" " ind2=" " tag="500">
		<subfield code="a">Part of the Arabic Collections Online (ACO) project, contributed by American University of Beirut's Jafet Memorial Library.</subfield>
	</datafield>
	<datafield ind1=" " ind2=" " tag="533">
		<subfield code="a">Electronic reproduction.</subfield>
		<subfield code="b">New York, N.Y. :</subfield>
		<subfield code="c">New York University,</subfield>
		<subfield code="d">2021.</subfield>
		<subfield code="5">NNU</subfield>
	</datafield>
	<datafield ind1="1" ind2="0" tag="600">
		<subfield code="6">880-06</subfield>
		<subfield code="a">Ibn Hishām, ʻAbd Allāh ibn Yūsuf,</subfield>
		<subfield code="d">1309-1360.</subfield>
		<subfield code="t">Shudhūr al-dhahab fī maʻrifat kalām al-ʻArab.</subfield>
	</datafield>
	<datafield ind1=" " ind2="0" tag="650">
		<subfield code="6">880-07</subfield>
		<subfield code="a">Arabic language</subfield>
		<subfield code="x">Grammar.</subfield>
	</datafield>
	<datafield ind1="1" ind2="2" tag="700">
		<subfield code="6">880-08</subfield>
		<subfield code="a">Ibn Hishām, ʻAbd Allāh ibn Yūsuf,</subfield>
		<subfield code="d">1309-1360.</subfield>
		<subfield code="t">Shudhūr al-dhahab fī maʻrifat kalām al-ʻArab.</subfield>
	</datafield>
	<datafield ind1="1" ind2="2" tag="700">
		<subfield code="6">880-09</subfield>
		<subfield code="a">ʻAbd al-Ḥamīd, Muḥammad Muḥyī al-Dīn.</subfield>
		<subfield code="t">Muntahá al-arab bi-taḥqīq sharḥ shudhūr al-dhahab.</subfield>
	</datafield>
	<datafield ind1="2" ind2=" " tag="710">
		<subfield code="a">Jafet Memorial Library.</subfield>
	</datafield>
	<datafield ind1="0" ind2=" " tag="730">
		<subfield code="a">Arabic Collections Online.</subfield>
	</datafield>
	<datafield ind1="0" ind2="8" tag="775">
		<subfield code="6">880-10</subfield>
		<subfield code="i">has designation of edition</subfield>
		<subfield code="4">http://rdaregistry.info/Elements/m/P30133 :</subfield>
		<subfield code="a">Ibn Hishām, ʻAbd Allāh ibn Yūsuf, 1309-1360.</subfield>
		<subfield code="t">Sharḥ shudhūr al-dhahab fī maʻrifat kalām al-ʻArab.</subfield>
		<subfield code="b">al-Ṭabʻah al-      tāsiʻah .</subfield>
		<subfield code="d">[place of publication not identified ] : [publisher not identified], [between 1970 and 2000?]</subfield>
		<subfield code="w">(LEAUB)b20608755</subfield>
		<subfield code="w">(OCoLC)784351428</subfield>
	</datafield>
	<datafield ind1="0" ind2="8" tag="775">
		<subfield code="6">880-11</subfield>
		<subfield code="i">has designation of edition</subfield>
		<subfield code="4">http://rdaregistry.info/Elements/m/P30133 :</subfield>
		<subfield code="a">Ibn Hishām, ʻAbd Allāh ibn Yūsuf, 1309-1360.</subfield>
		<subfield code="t">Sharḥ shudhūr al-dhahab fī maʻrifat kalām al-ʻArab.</subfield>
		<subfield code="d">al-Qāhirah : al-Maktabah al-Tijārīyah al-Kubrá, [1963]</subfield>
		<subfield code="w">(OCoLC)784351428</subfield>
		<subfield code="b">al-Ṭabʻah al-tāsiʻah.</subfield>
	</datafield>
	<datafield ind1="0" ind2="8" tag="776">
		<subfield code="i">Print version:</subfield>
		<subfield code="a">Ibn Hishām, ʻAbd Allāh ibn Yūsuf, 1309-1360, author.</subfield>
		<subfield code="t">Sharḥ Shudhūr al-dhahab fī maʻrifat kalām al-ʻArab</subfield>
		<subfield code="w">(LeBAU)b12490702</subfield>
	</datafield>
	<datafield ind1="4" ind2="0" tag="856">
		<subfield code="u">http://hdl.handle.net/2333.1/qz612w7t</subfield>
	</datafield>
	<datafield ind1="1" ind2=" " tag="880">
		<subfield code="6">100-01</subfield>
		<subfield code="a">إبن هشام، عبد الله بن يوسف،</subfield>
		<subfield code="d">1309-1360،</subfield>
		<subfield code="e">مؤلف.</subfield>
		<subfield code="4">aut.</subfield>
	</datafield>
	<datafield ind1="1" ind2="0" tag="880">
		<subfield code="6">245-02</subfield>
		<subfield code="a">شرح شذور الذهب في معرفة كلام العرب /</subfield>
		<subfield code="c">تأليف الامام ابي محمد عبد الله جمال الدين بن يوسف بن احمد بن عبد الله بن هشام الانصاري المصري، المولود في القاهرة في سنة 708 والمتوفى في سنة 761 من الهجرة. ومعه كتاب منتهى الارب بتحقيق شرح شذور الذهب /  تأليف محمد محيي الدين عبد الحميد.</subfield>
	</datafield>
	<datafield ind1=" " ind2=" " tag="880">
		<subfield code="6">250-03</subfield>
		<subfield code="a">الطبعة السادسة.</subfield>
	</datafield>
	<datafield ind1=" " ind2="1" tag="880">
		<subfield code="6">264-04</subfield>
		<subfield code="a">مصر :</subfield>
		<subfield code="b">مطبعة السعادة،</subfield>
		<subfield code="c">1373 هـ. = 1953 م.</subfield>
	</datafield>
	<datafield ind1=" " ind2=" " tag="880">
		<subfield code="6">300-05</subfield>
		<subfield code="a">480 صفحة ؛</subfield>
		<subfield code="c">24 سم</subfield>
	</datafield>
	<datafield ind1=" " ind2=" " tag="880">
		<subfield code="6">500-00</subfield>
		<subfield code="a">&quot;قررت الإدارة العامة للجامع الأزهر تدريس هذا الكتاب لطلبة السنة الرابعة الإبتدائية في المعاهد الدينية.&quot;</subfield>
	</datafield>
	<datafield ind1="1" ind2="4" tag="880">
		<subfield code="6">600-06</subfield>
		<subfield code="a">ابن هشام، عبد الله بن يوسف،</subfield>
		<subfield code="d">1309-1360.</subfield>
		<subfield code="t">شذور الذهب في معرفة كلام العرب.</subfield>
	</datafield>
	<datafield ind1=" " ind2="4" tag="880">
		<subfield code="6">650-07</subfield>
		<subfield code="a">اللغة العربية</subfield>
		<subfield code="x">قواعد.</subfield>
	</datafield>
	<datafield ind1="1" ind2="2" tag="880">
		<subfield code="6">700-08</subfield>
		<subfield code="a">ابن هشام، عبد الله بن يوسف،</subfield>
		<subfield code="d">1309-1360.</subfield>
		<subfield code="t">شذور الذهب في معرفة كلام العرب.</subfield>
	</datafield>
	<datafield ind1="1" ind2="2" tag="880">
		<subfield code="6">700-09</subfield>
		<subfield code="a">عبد الحميد، محمد محي الدين.</subfield>
		<subfield code="t">منتهى الأرب بتحقيق شرح شذور الذهب.</subfield>
	</datafield>
	<datafield ind1="0" ind2=" " tag="880">
		<subfield code="6">775-10</subfield>
		<subfield code="i">دلالة على الطبعة</subfield>
		<subfield code="4">http://rdaregistry.info/Elements/m/P30133 :</subfield>
		<subfield code="a">إبن هشام، عبد الله بن يوسف، 1309-1360.</subfield>
		<subfield code="t">شرح شذور الذهب في معرفة كلام العرب.</subfield>
		<subfield code="b">الطبعة التاسعة.</subfield>
		<subfield code="d">[مكان النشر غير محدد] : [الناشر غير محدد]، [ما بين 1970 و 2000؟]</subfield>
		<subfield code="w">(LEAUB)b12490714</subfield>
		<subfield code="w">(OCoLC)784351428</subfield>
	</datafield>
	<datafield ind1="0" ind2=" " tag="880">
		<subfield code="6">775-11</subfield>
		<subfield code="i">دلالة على الطبعة</subfield>
		<subfield code="4">http://rdaregistry.info/Elements/m/P30133 :</subfield>
		<subfield code="a">إبن هشام، عبد الله بن يوسف، 1309-1360.</subfield>
		<subfield code="t">شرح شذور الذهب في معرفة كلام العرب. ومعه كتاب منتهى الارب بتحقيق شرح شذور الذهب.</subfield>
		<subfield code="d">القاهرة : المكتبة التجارية الكبرى، [1963]</subfield>
		<subfield code="w">(LEAUB)b12490714</subfield>
	</datafield>
	<datafield ind1=" " ind2=" " tag="959">
		<subfield code="a">NNU</subfield>
		<subfield code="b">WEB</subfield>
		<subfield code="c">GENI</subfield>
		<subfield code="t">0</subfield>
		<subfield code="m">Electronic access</subfield>
		<subfield code="s">01</subfield>
	</datafield>
	<datafield ind1=" " ind2=" " tag="999">
		<subfield code="i">LeBAU_b12490702</subfield>
		<subfield code="s">aub_aco004388</subfield>
		<subfield code="e">(ERROR-MISC)</subfield>
		<subfield code="s">aub_aco004388</subfield>
	</datafield>
</record>
